<record><leader>00000cas a2200000 a 4500</leader><controlfield tag="001">43091768</controlfield><controlfield tag="008">991223d19671972caudn ne      0    0eng c</controlfield><datafield ind1=" " ind2=" " tag="010"><subfield code="a">sn 99060984 </subfield></datafield><datafield ind1=" " ind2=" " tag="040"><subfield code="a">CNK</subfield><subfield code="b">eng</subfield><subfield code="c">CNK</subfield><subfield code="d">CNK</subfield><subfield code="d">OCLCQ</subfield><subfield code="d">OCLCF</subfield><subfield code="d">OCLCO</subfield></datafield><datafield ind1=" " ind2=" " tag="042"><subfield code="a">pcc</subfield></datafield><datafield ind1=" " ind2=" " tag="043"><subfield code="a">n-us-ca</subfield></datafield><datafield ind1="0" ind2=" " tag="130"><subfield code="a">Corona daily independent (Corona, Calif. : 1967)</subfield></datafield><datafield ind1="1" ind2="0" tag="245"><subfield code="a">Corona daily independent.</subfield></datafield><datafield ind1=" " ind2=" " tag="260"><subfield code="a">Corona, Calif. :</subfield><subfield code="b">Daily Independent Inc.</subfield></datafield><datafield ind1=" " ind2=" " tag="300"><subfield code="a">v.</subfield></datafield><datafield ind1=" " ind2=" " tag="310"><subfield code="a">Daily (except Sat., Sun., &amp; holidays)</subfield></datafield><datafield ind1="0" ind2=" " tag="362"><subfield code="a">Vol. 54, no. 223 (July 10, 1967)-85th year, no. 138 (Dec. 21, 1972).</subfield></datafield><datafield ind1=" " ind2=" " tag="500"><subfield code="a">Friday issues also called "Weekend Edition," Aug. 18, 1967-Sept. 20, 1968.</subfield></datafield><datafield ind1=" " ind2=" " tag="515"><subfield code="a">Numbering designation taken from publisher's statement.</subfield></datafield><datafield ind1=" " ind2=" " tag="530"><subfield code="a">Master negatives are available for duplication from:</subfield><subfield code="b">California Newspaper Microfilm Archive;</subfield><subfield code="c">positive copies may be purchased by the reel; for further information consult the CNMA at:</subfield><subfield code="u">http://cbsr.ucr.edu</subfield></datafield><datafield ind1=" " ind2="0" tag="651"><subfield code="a">Corona (Calif.)</subfield><subfield code="v">Newspapers.</subfield></datafield><datafield ind1=" " ind2="0" tag="651"><subfield code="a">Norco (Calif.)</subfield><subfield code="v">Newspapers.</subfield></datafield><datafield ind1=" " ind2="7" tag="655"><subfield code="a">Newspapers.</subfield><subfield code="2">fast</subfield><subfield code="0">(OCoLC)fst01423814</subfield></datafield><datafield ind1=" " ind2="7" tag="651"><subfield code="a">California</subfield><subfield code="z">Corona.</subfield><subfield code="2">fast</subfield><subfield code="0">(OCoLC)fst01216950</subfield></datafield><datafield ind1=" " ind2="7" tag="651"><subfield code="a">California</subfield><subfield code="z">Norco.</subfield><subfield code="2">fast</subfield><subfield code="0">(OCoLC)fst01219033</subfield></datafield><datafield ind1=" " ind2=" " tag="752"><subfield code="a">United States</subfield><subfield code="b">California</subfield><subfield code="c">Riverside</subfield><subfield code="d">Corona.</subfield></datafield><datafield ind1="0" ind2="0" tag="780"><subfield code="t">Daily independent (Corona, Calif. : 1963)</subfield><subfield code="w">(DLC)sn 99060983</subfield></datafield><datafield ind1="0" ind2="0" tag="785"><subfield code="t">Corona Norco independent (Corona, Calif. : 1972)</subfield><subfield code="w">(DLC)sn 99060985</subfield></datafield></record>